
   <marc:record>
      <marc:leader>     cam a22        4500</marc:leader>
      <marc:controlfield tag="001">068960549</marc:controlfield>
      <marc:controlfield tag="003">DE-576</marc:controlfield>
      <marc:controlfield tag="005">20201206190602.0</marc:controlfield>
      <marc:controlfield tag="007">tu</marc:controlfield>
      <marc:controlfield tag="008">981001s1979    xx |||||      00| ||ger c</marc:controlfield>
      <marc:datafield tag="020" ind1=" " ind2=" ">
         <marc:subfield code="a">3716503398</marc:subfield>
         <marc:subfield code="9">3-7165-0339-8</marc:subfield>
      </marc:datafield>
      <marc:datafield tag="035" ind1=" " ind2=" ">
         <marc:subfield code="a">(DE-627)1627703594</marc:subfield>
      </marc:datafield>
      <marc:datafield tag="035" ind1=" " ind2=" ">
         <marc:subfield code="a">(DE-576)068960549</marc:subfield>
      </marc:datafield>
      <marc:datafield tag="035" ind1=" " ind2=" ">
         <marc:subfield code="a">(DE-599)BSZ068960549</marc:subfield>
      </marc:datafield>
      <marc:datafield tag="035" ind1=" " ind2=" ">
         <marc:subfield code="a">(OCoLC)63975486</marc:subfield>
      </marc:datafield>
      <marc:datafield tag="040" ind1=" " ind2=" ">
         <marc:subfield code="a">DE-576</marc:subfield>
         <marc:subfield code="b">ger</marc:subfield>
         <marc:subfield code="c">DE-576</marc:subfield>
         <marc:subfield code="e">rda</marc:subfield>
      </marc:datafield>
      <marc:datafield tag="041" ind1=" " ind2=" ">
         <marc:subfield code="a">ger</marc:subfield>
      </marc:datafield>
      <marc:datafield tag="084" ind1=" " ind2=" ">
         <marc:subfield code="a">AP 88400</marc:subfield>
         <marc:subfield code="2">rvk</marc:subfield>
         <marc:subfield code="0">(DE-625)rvk/8108:</marc:subfield>
      </marc:datafield>
      <marc:datafield tag="130" ind1="3" ind2=" ">
         <marc:subfield code="a">Il Bol'šoj</marc:subfield>
      </marc:datafield>
      <marc:datafield tag="245" ind1="1" ind2="4">
         <marc:subfield code="a">Das Bolschoi</marc:subfield>
         <marc:subfield code="b">Ballet und Operntheater in Moskau</marc:subfield>
         <marc:subfield code="c">Boris Pokrovski, Juri Grigorowitsch</marc:subfield>
      </marc:datafield>
      <marc:datafield tag="250" ind1=" " ind2=" ">
         <marc:subfield code="a">Berechtigte Lizenzausgabe für die Schweiz, Deutschland und Österreich</marc:subfield>
      </marc:datafield>
      <marc:datafield tag="264" ind1=" " ind2="1">
         <marc:subfield code="a">Bern</marc:subfield>
         <marc:subfield code="b">Benteli Verlag</marc:subfield>
         <marc:subfield code="c">[1979]</marc:subfield>
      </marc:datafield>
      <marc:datafield tag="264" ind1=" " ind2="4">
         <marc:subfield code="c">© 1979</marc:subfield>
      </marc:datafield>
      <marc:datafield tag="300" ind1=" " ind2=" ">
         <marc:subfield code="a">239 Seiten</marc:subfield>
      </marc:datafield>
      <marc:datafield tag="336" ind1=" " ind2=" ">
         <marc:subfield code="a">unbewegtes Bild</marc:subfield>
         <marc:subfield code="b">sti</marc:subfield>
         <marc:subfield code="2">rdacontent</marc:subfield>
      </marc:datafield>
      <marc:datafield tag="337" ind1=" " ind2=" ">
         <marc:subfield code="a">ohne Hilfsmittel zu benutzen</marc:subfield>
         <marc:subfield code="b">n</marc:subfield>
         <marc:subfield code="2">rdamedia</marc:subfield>
      </marc:datafield>
      <marc:datafield tag="338" ind1=" " ind2=" ">
         <marc:subfield code="a">Band</marc:subfield>
         <marc:subfield code="b">nc</marc:subfield>
         <marc:subfield code="2">rdacarrier</marc:subfield>
      </marc:datafield>
      <marc:datafield tag="583" ind1="1" ind2=" ">
         <marc:subfield code="a">Archivierung/Langzeitarchivierung geplant</marc:subfield>
         <marc:subfield code="c">20200919</marc:subfield>
         <marc:subfield code="f">DE-640</marc:subfield>
         <marc:subfield code="z">1</marc:subfield>
         <marc:subfield code="2">pdager</marc:subfield>
      </marc:datafield>
      <marc:datafield tag="655" ind1=" " ind2="7">
         <marc:subfield code="a">Bildband</marc:subfield>
         <marc:subfield code="0">(DE-588)4145395-5</marc:subfield>
         <marc:subfield code="0">(DE-627)104450835</marc:subfield>
         <marc:subfield code="0">(DE-576)209741139</marc:subfield>
         <marc:subfield code="2">gnd-content</marc:subfield>
      </marc:datafield>
      <marc:datafield tag="700" ind1="1" ind2=" ">
         <marc:subfield code="a">Pokrovskij, Boris Aleksandrovič</marc:subfield>
         <marc:subfield code="e">VerfasserIn</marc:subfield>
         <marc:subfield code="0">(DE-627)1249061466</marc:subfield>
         <marc:subfield code="0">(DE-576)179061461</marc:subfield>
         <marc:subfield code="4">aut</marc:subfield>
      </marc:datafield>
      <marc:datafield tag="700" ind1="1" ind2=" ">
         <marc:subfield code="a">Grigorovič, Jurij N.</marc:subfield>
         <marc:subfield code="d">1927-</marc:subfield>
         <marc:subfield code="e">VerfasserIn</marc:subfield>
         <marc:subfield code="0">(DE-588)118718878</marc:subfield>
         <marc:subfield code="0">(DE-627)079500722</marc:subfield>
         <marc:subfield code="0">(DE-576)165312424</marc:subfield>
         <marc:subfield code="4">aut</marc:subfield>
      </marc:datafield>
      <marc:datafield tag="850" ind1=" " ind2=" ">
         <marc:subfield code="a">ab</marc:subfield>
      </marc:datafield>
      <marc:datafield tag="936" ind1="r" ind2="v">
         <marc:subfield code="a">AP 88400</marc:subfield>
         <marc:subfield code="b">Ballett in einzelnen Orten (CSN des Ortes)</marc:subfield>
         <marc:subfield code="k">Allgemeines</marc:subfield>
         <marc:subfield code="k">Medien- und Kommunikationswissenschaften, Kommunikationsdesign</marc:subfield>
         <marc:subfield code="k">Tanz</marc:subfield>
         <marc:subfield code="k">Ballett</marc:subfield>
         <marc:subfield code="k">Ballett in einzelnen Orten (CSN des Ortes)</marc:subfield>
         <marc:subfield code="0">(DE-627)1270694073</marc:subfield>
         <marc:subfield code="0">(DE-625)rvk/8108:</marc:subfield>
         <marc:subfield code="0">(DE-576)200694073</marc:subfield>
      </marc:datafield>
      <marc:datafield tag="951" ind1=" " ind2=" ">
         <marc:subfield code="a">BO</marc:subfield>
      </marc:datafield>
   </marc:record>