
   <marc:record>
      <marc:leader>     ccm a22        4500</marc:leader>
      <marc:controlfield tag="001">491711840</marc:controlfield>
      <marc:controlfield tag="003">DE-576</marc:controlfield>
      <marc:controlfield tag="005">20171125100050.0</marc:controlfield>
      <marc:controlfield tag="007">qu</marc:controlfield>
      <marc:controlfield tag="008">170804s2002    xxu||||| |||| ||| | eng c</marc:controlfield>
      <marc:datafield tag="020" ind1=" " ind2=" ">
         <marc:subfield code="a">0634058029</marc:subfield>
         <marc:subfield code="9">0-634-05802-9</marc:subfield>
      </marc:datafield>
      <marc:datafield tag="020" ind1=" " ind2=" ">
         <marc:subfield code="a">9780634058028</marc:subfield>
         <marc:subfield code="9">978-0-634-05802-8</marc:subfield>
      </marc:datafield>
      <marc:datafield tag="024" ind1="1" ind2=" ">
         <marc:subfield code="a">073999132342</marc:subfield>
      </marc:datafield>
      <marc:datafield tag="028" ind1="5" ind2="2">
         <marc:subfield code="a">HL00313234</marc:subfield>
      </marc:datafield>
      <marc:datafield tag="035" ind1=" " ind2=" ">
         <marc:subfield code="a">(DE-627)1627426620</marc:subfield>
      </marc:datafield>
      <marc:datafield tag="035" ind1=" " ind2=" ">
         <marc:subfield code="a">(DE-576)491711840</marc:subfield>
      </marc:datafield>
      <marc:datafield tag="035" ind1=" " ind2=" ">
         <marc:subfield code="a">(DE-599)BSZ491711840</marc:subfield>
      </marc:datafield>
      <marc:datafield tag="035" ind1=" " ind2=" ">
         <marc:subfield code="a">(OCoLC)1002888284</marc:subfield>
      </marc:datafield>
      <marc:datafield tag="040" ind1=" " ind2=" ">
         <marc:subfield code="a">DE-576</marc:subfield>
         <marc:subfield code="b">ger</marc:subfield>
         <marc:subfield code="c">DE-576</marc:subfield>
         <marc:subfield code="e">rda</marc:subfield>
      </marc:datafield>
      <marc:datafield tag="041" ind1=" " ind2=" ">
         <marc:subfield code="a">eng</marc:subfield>
      </marc:datafield>
      <marc:datafield tag="044" ind1=" " ind2=" ">
         <marc:subfield code="c">XD-US</marc:subfield>
      </marc:datafield>
      <marc:datafield tag="050" ind1=" " ind2="0">
         <marc:subfield code="a">M1508.J63</marc:subfield>
      </marc:datafield>
      <marc:datafield tag="082" ind1="0" ind2=" ">
         <marc:subfield code="a">782.140264</marc:subfield>
      </marc:datafield>
      <marc:datafield tag="100" ind1="1" ind2=" ">
         <marc:subfield code="a">Joel, Billy</marc:subfield>
         <marc:subfield code="d">1949-</marc:subfield>
         <marc:subfield code="e">KomponistIn</marc:subfield>
         <marc:subfield code="0">(DE-588)118557653</marc:subfield>
         <marc:subfield code="0">(DE-627)079354823</marc:subfield>
         <marc:subfield code="0">(DE-576)17956448X</marc:subfield>
         <marc:subfield code="4">cmp</marc:subfield>
      </marc:datafield>
      <marc:datafield tag="245" ind1="1" ind2="0">
         <marc:subfield code="a">Movin' out</marc:subfield>
         <marc:subfield code="b">vocal selections</marc:subfield>
         <marc:subfield code="c">conceived, direcred and choreographed by Twyla Tharp ; based on the songs and music of Billy Joel</marc:subfield>
      </marc:datafield>
      <marc:datafield tag="264" ind1=" " ind2="1">
         <marc:subfield code="a">Milwaukee, WI</marc:subfield>
         <marc:subfield code="b">Hal Leonard Corporation</marc:subfield>
         <marc:subfield code="c">[2002?]</marc:subfield>
      </marc:datafield>
      <marc:datafield tag="300" ind1=" " ind2=" ">
         <marc:subfield code="a">1 Partitur (126 Seiten)</marc:subfield>
         <marc:subfield code="b">Illustrationen</marc:subfield>
         <marc:subfield code="c">31 cm</marc:subfield>
      </marc:datafield>
      <marc:datafield tag="336" ind1=" " ind2=" ">
         <marc:subfield code="a">Noten</marc:subfield>
         <marc:subfield code="b">ntm</marc:subfield>
         <marc:subfield code="2">rdacontent</marc:subfield>
      </marc:datafield>
      <marc:datafield tag="337" ind1=" " ind2=" ">
         <marc:subfield code="a">ohne Hilfsmittel zu benutzen</marc:subfield>
         <marc:subfield code="b">n</marc:subfield>
         <marc:subfield code="2">rdamedia</marc:subfield>
      </marc:datafield>
      <marc:datafield tag="338" ind1=" " ind2=" ">
         <marc:subfield code="a">Band</marc:subfield>
         <marc:subfield code="b">nc</marc:subfield>
         <marc:subfield code="2">rdacarrier</marc:subfield>
      </marc:datafield>
      <marc:datafield tag="348" ind1=" " ind2=" ">
         <marc:subfield code="a">Partitur</marc:subfield>
         <marc:subfield code="0">(DE-588)4173447-6</marc:subfield>
         <marc:subfield code="0">(DE-627)105379875</marc:subfield>
         <marc:subfield code="0">(DE-576)209950323</marc:subfield>
         <marc:subfield code="2">gnd-music</marc:subfield>
      </marc:datafield>
      <marc:datafield tag="500" ind1=" " ind2=" ">
         <marc:subfield code="a">Accompaniment arranged for voice and piano, with chord symbols and guitar chord diagrams. - Based on the songs and music of Billy Joel. English words</marc:subfield>
      </marc:datafield>
      <marc:datafield tag="505" ind1="8" ind2="0">
         <marc:subfield code="t">Scenes from an Italian restaurant</marc:subfield>
      </marc:datafield>
      <marc:datafield tag="505" ind1="8" ind2="0">
         <marc:subfield code="t">Movin' out (Anthony's song)</marc:subfield>
      </marc:datafield>
      <marc:datafield tag="505" ind1="8" ind2="0">
         <marc:subfield code="t">Reverie (Villa d'Este)</marc:subfield>
      </marc:datafield>
      <marc:datafield tag="505" ind1="8" ind2="0">
         <marc:subfield code="t">Just the way you are</marc:subfield>
      </marc:datafield>
      <marc:datafield tag="505" ind1="8" ind2="0">
         <marc:subfield code="t">The longest time</marc:subfield>
      </marc:datafield>
      <marc:datafield tag="505" ind1="8" ind2="0">
         <marc:subfield code="t">Uptown girl</marc:subfield>
      </marc:datafield>
      <marc:datafield tag="505" ind1="8" ind2="0">
         <marc:subfield code="t">Summer, Highland Falls</marc:subfield>
      </marc:datafield>
      <marc:datafield tag="505" ind1="8" ind2="0">
         <marc:subfield code="t">Waltz #1 (Nunley's carousel)</marc:subfield>
      </marc:datafield>
      <marc:datafield tag="505" ind1="8" ind2="0">
         <marc:subfield code="t">She's got a way</marc:subfield>
      </marc:datafield>
      <marc:datafield tag="505" ind1="8" ind2="0">
         <marc:subfield code="t">The stranger</marc:subfield>
      </marc:datafield>
      <marc:datafield tag="505" ind1="8" ind2="0">
         <marc:subfield code="t">Invention #1 in C minor</marc:subfield>
      </marc:datafield>
      <marc:datafield tag="505" ind1="8" ind2="0">
         <marc:subfield code="t">Big shot</marc:subfield>
      </marc:datafield>
      <marc:datafield tag="505" ind1="8" ind2="0">
         <marc:subfield code="t">Big man on Mulberry Street</marc:subfield>
      </marc:datafield>
      <marc:datafield tag="505" ind1="8" ind2="0">
         <marc:subfield code="t">Pressure</marc:subfield>
      </marc:datafield>
      <marc:datafield tag="505" ind1="8" ind2="0">
         <marc:subfield code="t">Goodnight Saigon</marc:subfield>
      </marc:datafield>
      <marc:datafield tag="505" ind1="8" ind2="0">
         <marc:subfield code="t">Shameless</marc:subfield>
      </marc:datafield>
      <marc:datafield tag="505" ind1="8" ind2="0">
         <marc:subfield code="t">The river of dreams</marc:subfield>
      </marc:datafield>
      <marc:datafield tag="505" ind1="8" ind2="0">
         <marc:subfield code="t">Keeping the faith</marc:subfield>
      </marc:datafield>
      <marc:datafield tag="505" ind1="8" ind2="0">
         <marc:subfield code="t">Only the good die young</marc:subfield>
      </marc:datafield>
      <marc:datafield tag="505" ind1="8" ind2="0">
         <marc:subfield code="t">I've loved these days</marc:subfield>
      </marc:datafield>
      <marc:datafield tag="650" ind1=" " ind2="0">
         <marc:subfield code="a">Musicals</marc:subfield>
         <marc:subfield code="x">Excerpts</marc:subfield>
         <marc:subfield code="x">Vocal scores with piano</marc:subfield>
      </marc:datafield>
      <marc:datafield tag="650" ind1=" " ind2="0">
         <marc:subfield code="a">Popular music</marc:subfield>
      </marc:datafield>
      <marc:datafield tag="650" ind1=" " ind2="0">
         <marc:subfield code="a">Musicals</marc:subfield>
         <marc:subfield code="x">Excerpts</marc:subfield>
         <marc:subfield code="x">Vocal scores with piano</marc:subfield>
      </marc:datafield>
      <marc:datafield tag="650" ind1=" " ind2="0">
         <marc:subfield code="a">Popular music</marc:subfield>
      </marc:datafield>
      <marc:datafield tag="700" ind1="1" ind2=" ">
         <marc:subfield code="a">Tharp, Twyla</marc:subfield>
         <marc:subfield code="d">1941-</marc:subfield>
         <marc:subfield code="e">HerausgeberIn</marc:subfield>
         <marc:subfield code="0">(DE-588)11914140X</marc:subfield>
         <marc:subfield code="0">(DE-627)079936660</marc:subfield>
         <marc:subfield code="0">(DE-576)16369172X</marc:subfield>
         <marc:subfield code="4">edt</marc:subfield>
      </marc:datafield>
      <marc:datafield tag="935" ind1=" " ind2=" ">
         <marc:subfield code="c">muno</marc:subfield>
      </marc:datafield>
      <marc:datafield tag="951" ind1=" " ind2=" ">
         <marc:subfield code="a">BO</marc:subfield>
      </marc:datafield>
   </marc:record>