
   <marc:record>
      <marc:leader>     ccm a22        4500</marc:leader>
      <marc:controlfield tag="001">483672742</marc:controlfield>
      <marc:controlfield tag="003">DE-576</marc:controlfield>
      <marc:controlfield tag="005">20201221141452.0</marc:controlfield>
      <marc:controlfield tag="007">qu</marc:controlfield>
      <marc:controlfield tag="008">170221s1995    xx ||||| |||| ||| | zxx c</marc:controlfield>
      <marc:datafield tag="020" ind1=" " ind2=" ">
         <marc:subfield code="a">0793544254</marc:subfield>
         <marc:subfield code="9">0-7935-4425-4</marc:subfield>
      </marc:datafield>
      <marc:datafield tag="020" ind1=" " ind2=" ">
         <marc:subfield code="a">9780793544257</marc:subfield>
         <marc:subfield code="9">978-0-7935-4425-7</marc:subfield>
      </marc:datafield>
      <marc:datafield tag="028" ind1="5" ind2="2">
         <marc:subfield code="a">HL50481614</marc:subfield>
      </marc:datafield>
      <marc:datafield tag="035" ind1=" " ind2=" ">
         <marc:subfield code="a">(DE-627)1623603919</marc:subfield>
      </marc:datafield>
      <marc:datafield tag="035" ind1=" " ind2=" ">
         <marc:subfield code="a">(DE-576)483672742</marc:subfield>
      </marc:datafield>
      <marc:datafield tag="035" ind1=" " ind2=" ">
         <marc:subfield code="a">(DE-599)BSZ483672742</marc:subfield>
      </marc:datafield>
      <marc:datafield tag="035" ind1=" " ind2=" ">
         <marc:subfield code="a">(OCoLC)974534359</marc:subfield>
      </marc:datafield>
      <marc:datafield tag="035" ind1=" " ind2=" ">
         <marc:subfield code="a">(OCoLC)974534359</marc:subfield>
      </marc:datafield>
      <marc:datafield tag="040" ind1=" " ind2=" ">
         <marc:subfield code="a">DE-576</marc:subfield>
         <marc:subfield code="b">ger</marc:subfield>
         <marc:subfield code="c">DE-576</marc:subfield>
         <marc:subfield code="e">rda</marc:subfield>
      </marc:datafield>
      <marc:datafield tag="041" ind1=" " ind2=" ">
         <marc:subfield code="a">zxx</marc:subfield>
      </marc:datafield>
      <marc:datafield tag="100" ind1="1" ind2=" ">
         <marc:subfield code="a">Stravinsky, Igor</marc:subfield>
         <marc:subfield code="d">1882-1971</marc:subfield>
         <marc:subfield code="e">KomponistIn</marc:subfield>
         <marc:subfield code="0">(DE-588)118642545</marc:subfield>
         <marc:subfield code="0">(DE-627)134590201</marc:subfield>
         <marc:subfield code="0">(DE-576)163221278</marc:subfield>
         <marc:subfield code="4">cmp</marc:subfield>
      </marc:datafield>
      <marc:datafield tag="245" ind1="1" ind2="0">
         <marc:subfield code="a">Three early ballets</marc:subfield>
         <marc:subfield code="b">for piano</marc:subfield>
         <marc:subfield code="c">Igor Stravinsky</marc:subfield>
      </marc:datafield>
      <marc:datafield tag="250" ind1=" " ind2=" ">
         <marc:subfield code="a">Klavierpartitur</marc:subfield>
      </marc:datafield>
      <marc:datafield tag="264" ind1=" " ind2="1">
         <marc:subfield code="a">New York, N.Y.</marc:subfield>
         <marc:subfield code="b">G. Schirmer, Inc.</marc:subfield>
         <marc:subfield code="c">[1995]</marc:subfield>
      </marc:datafield>
      <marc:datafield tag="264" ind1=" " ind2="2">
         <marc:subfield code="a">Milwaukee, WI</marc:subfield>
         <marc:subfield code="b">Hal Leonard</marc:subfield>
      </marc:datafield>
      <marc:datafield tag="264" ind1=" " ind2="4">
         <marc:subfield code="c">© 1995</marc:subfield>
      </marc:datafield>
      <marc:datafield tag="300" ind1=" " ind2=" ">
         <marc:subfield code="a">1 Partitur (188 Seiten)</marc:subfield>
      </marc:datafield>
      <marc:datafield tag="336" ind1=" " ind2=" ">
         <marc:subfield code="a">Noten</marc:subfield>
         <marc:subfield code="b">ntm</marc:subfield>
         <marc:subfield code="2">rdacontent</marc:subfield>
      </marc:datafield>
      <marc:datafield tag="337" ind1=" " ind2=" ">
         <marc:subfield code="a">ohne Hilfsmittel zu benutzen</marc:subfield>
         <marc:subfield code="b">n</marc:subfield>
         <marc:subfield code="2">rdamedia</marc:subfield>
      </marc:datafield>
      <marc:datafield tag="338" ind1=" " ind2=" ">
         <marc:subfield code="a">Band</marc:subfield>
         <marc:subfield code="b">nc</marc:subfield>
         <marc:subfield code="2">rdacarrier</marc:subfield>
      </marc:datafield>
      <marc:datafield tag="348" ind1=" " ind2=" ">
         <marc:subfield code="a">Klavierbearbeitung</marc:subfield>
         <marc:subfield code="0">(DE-588)1073935019</marc:subfield>
         <marc:subfield code="0">(DE-627)829995315</marc:subfield>
         <marc:subfield code="0">(DE-576)435451162</marc:subfield>
         <marc:subfield code="2">gnd-music</marc:subfield>
      </marc:datafield>
      <marc:datafield tag="490" ind1="1" ind2=" ">
         <marc:subfield code="a">Schirmer's library of musical classics</marc:subfield>
         <marc:subfield code="v">Vol. 1978</marc:subfield>
      </marc:datafield>
      <marc:datafield tag="500" ind1=" " ind2=" ">
         <marc:subfield code="a">Hier auch später erschienene, unveränderte Nachdrucke</marc:subfield>
      </marc:datafield>
      <marc:datafield tag="505" ind1="8" ind2="0">
         <marc:subfield code="t">Enth.: The firebird</marc:subfield>
      </marc:datafield>
      <marc:datafield tag="505" ind1="8" ind2="0">
         <marc:subfield code="t">Petrushka</marc:subfield>
      </marc:datafield>
      <marc:datafield tag="505" ind1="8" ind2="0">
         <marc:subfield code="t">The rite of spring</marc:subfield>
      </marc:datafield>
      <marc:datafield tag="583" ind1="1" ind2=" ">
         <marc:subfield code="a">Archivierung/Langzeitarchivierung geplant</marc:subfield>
         <marc:subfield code="c">20200919</marc:subfield>
         <marc:subfield code="f">DE-640</marc:subfield>
         <marc:subfield code="z">1</marc:subfield>
         <marc:subfield code="2">pdager</marc:subfield>
      </marc:datafield>
      <marc:datafield tag="700" ind1="1" ind2="2">
         <marc:subfield code="a">Stravinsky, Igor</marc:subfield>
         <marc:subfield code="d">1882-1971</marc:subfield>
         <marc:subfield code="t">Žar-ptica</marc:subfield>
         <marc:subfield code="o">arrangiert</marc:subfield>
         <marc:subfield code="0">(DE-588)30015805X</marc:subfield>
         <marc:subfield code="0">(DE-627)701737093</marc:subfield>
         <marc:subfield code="0">(DE-576)135523982</marc:subfield>
      </marc:datafield>
      <marc:datafield tag="700" ind1="1" ind2="2">
         <marc:subfield code="a">Stravinsky, Igor</marc:subfield>
         <marc:subfield code="d">1882-1971</marc:subfield>
         <marc:subfield code="t">Petruška</marc:subfield>
         <marc:subfield code="o">arrangiert</marc:subfield>
         <marc:subfield code="0">(DE-588)300158157</marc:subfield>
         <marc:subfield code="0">(DE-627)701737190</marc:subfield>
         <marc:subfield code="0">(DE-576)135524083</marc:subfield>
      </marc:datafield>
      <marc:datafield tag="700" ind1="1" ind2="2">
         <marc:subfield code="a">Stravinsky, Igor</marc:subfield>
         <marc:subfield code="d">1882-1971</marc:subfield>
         <marc:subfield code="t">Le sacre du printemps</marc:subfield>
         <marc:subfield code="o">arrangiert</marc:subfield>
         <marc:subfield code="0">(DE-588)300158289</marc:subfield>
         <marc:subfield code="0">(DE-627)70173731X</marc:subfield>
         <marc:subfield code="0">(DE-576)135524202</marc:subfield>
      </marc:datafield>
      <marc:datafield tag="830" ind1=" " ind2="0">
         <marc:subfield code="a">Schirmer's library of musical classics</marc:subfield>
         <marc:subfield code="v">Vol. 1978</marc:subfield>
         <marc:subfield code="9">1978</marc:subfield>
         <marc:subfield code="w">(DE-627)61059642X</marc:subfield>
         <marc:subfield code="w">(DE-576)020042191</marc:subfield>
         <marc:subfield code="w">(DE-600)2519965-1</marc:subfield>
      </marc:datafield>
      <marc:datafield tag="850" ind1=" " ind2=" ">
         <marc:subfield code="a">ab</marc:subfield>
      </marc:datafield>
      <marc:datafield tag="935" ind1=" " ind2=" ">
         <marc:subfield code="c">muno</marc:subfield>
      </marc:datafield>
      <marc:datafield tag="951" ind1=" " ind2=" ">
         <marc:subfield code="a">BO</marc:subfield>
      </marc:datafield>
   </marc:record>