
   <marc:record>
      <marc:leader>     cam a22        4500</marc:leader>
      <marc:controlfield tag="001">039986276</marc:controlfield>
      <marc:controlfield tag="003">DE-576</marc:controlfield>
      <marc:controlfield tag="005">20201206183325.0</marc:controlfield>
      <marc:controlfield tag="007">tu</marc:controlfield>
      <marc:controlfield tag="008">940712s1978    xx |||||      00| ||ger c</marc:controlfield>
      <marc:datafield tag="020" ind1=" " ind2=" ">
         <marc:subfield code="a">3487003457</marc:subfield>
         <marc:subfield code="9">3-487-00345-7</marc:subfield>
      </marc:datafield>
      <marc:datafield tag="035" ind1=" " ind2=" ">
         <marc:subfield code="a">(DE-627)1623455650</marc:subfield>
      </marc:datafield>
      <marc:datafield tag="035" ind1=" " ind2=" ">
         <marc:subfield code="a">(DE-576)039986276</marc:subfield>
      </marc:datafield>
      <marc:datafield tag="035" ind1=" " ind2=" ">
         <marc:subfield code="a">(DE-599)BSZ039986276</marc:subfield>
      </marc:datafield>
      <marc:datafield tag="035" ind1=" " ind2=" ">
         <marc:subfield code="a">(OCoLC)04633581</marc:subfield>
      </marc:datafield>
      <marc:datafield tag="040" ind1=" " ind2=" ">
         <marc:subfield code="a">DE-576</marc:subfield>
         <marc:subfield code="b">ger</marc:subfield>
         <marc:subfield code="c">DE-576</marc:subfield>
         <marc:subfield code="e">rakwb</marc:subfield>
      </marc:datafield>
      <marc:datafield tag="041" ind1=" " ind2=" ">
         <marc:subfield code="a">ger</marc:subfield>
      </marc:datafield>
      <marc:datafield tag="082" ind1="0" ind2=" ">
         <marc:subfield code="a">838.7</marc:subfield>
      </marc:datafield>
      <marc:datafield tag="084" ind1=" " ind2=" ">
         <marc:subfield code="a">GL 5416</marc:subfield>
         <marc:subfield code="2">rvk</marc:subfield>
         <marc:subfield code="0">(DE-625)rvk/41524:11808</marc:subfield>
      </marc:datafield>
      <marc:datafield tag="100" ind1="1" ind2=" ">
         <marc:subfield code="a">Heine, Heinrich</marc:subfield>
         <marc:subfield code="d">1797-1856</marc:subfield>
         <marc:subfield code="0">(DE-588)118548018</marc:subfield>
         <marc:subfield code="0">(DE-627)133422747</marc:subfield>
         <marc:subfield code="0">(DE-576)16135744X</marc:subfield>
         <marc:subfield code="4">aut</marc:subfield>
      </marc:datafield>
      <marc:datafield tag="245" ind1="1" ind2="4">
         <marc:subfield code="a">Der Doktor Faust</marc:subfield>
         <marc:subfield code="b">ein Tanzpoem, nebst kuriosen Berichten über Teufel, Hexen und Dichtkunst</marc:subfield>
         <marc:subfield code="c">von Heinrich Heine</marc:subfield>
      </marc:datafield>
      <marc:datafield tag="250" ind1=" " ind2=" ">
         <marc:subfield code="a">2. Nachdruckaufl., Nachdr. Erstausg. Hamburg 1851</marc:subfield>
      </marc:datafield>
      <marc:datafield tag="264" ind1=" " ind2="1">
         <marc:subfield code="a">Hilesheim</marc:subfield>
         <marc:subfield code="b">Olms</marc:subfield>
         <marc:subfield code="c">1978</marc:subfield>
      </marc:datafield>
      <marc:datafield tag="300" ind1=" " ind2=" ">
         <marc:subfield code="a">103 S.</marc:subfield>
      </marc:datafield>
      <marc:datafield tag="336" ind1=" " ind2=" ">
         <marc:subfield code="a">Text</marc:subfield>
         <marc:subfield code="b">txt</marc:subfield>
         <marc:subfield code="2">rdacontent</marc:subfield>
      </marc:datafield>
      <marc:datafield tag="337" ind1=" " ind2=" ">
         <marc:subfield code="a">ohne Hilfsmittel zu benutzen</marc:subfield>
         <marc:subfield code="b">n</marc:subfield>
         <marc:subfield code="2">rdamedia</marc:subfield>
      </marc:datafield>
      <marc:datafield tag="338" ind1=" " ind2=" ">
         <marc:subfield code="a">Band</marc:subfield>
         <marc:subfield code="b">nc</marc:subfield>
         <marc:subfield code="2">rdacarrier</marc:subfield>
      </marc:datafield>
      <marc:datafield tag="583" ind1="1" ind2=" ">
         <marc:subfield code="a">Archivierung/Langzeitarchivierung geplant</marc:subfield>
         <marc:subfield code="c">20200919</marc:subfield>
         <marc:subfield code="f">DE-640</marc:subfield>
         <marc:subfield code="z">1</marc:subfield>
         <marc:subfield code="2">pdager</marc:subfield>
      </marc:datafield>
      <marc:datafield tag="591" ind1=" " ind2=" ">
         <marc:subfield code="a">5090 maschinell aus ähnlichen Titelaufnahmen ergänzt ; IMD-Felder und 1131 maschinell ergänzt (SWB)</marc:subfield>
      </marc:datafield>
      <marc:datafield tag="770" ind1="0" ind2="8">
         <marc:subfield code="i">Beigabe</marc:subfield>
         <marc:subfield code="a">Walzel, Oskar, 1864 - 1944</marc:subfield>
         <marc:subfield code="t">Heines Tanzpoem Der Doktor Faust</marc:subfield>
         <marc:subfield code="b">2. Nachdruckaufl., Nachdr. d. Ausg. Weimar 1917</marc:subfield>
         <marc:subfield code="d">Hildesheim : Olms, 1978</marc:subfield>
         <marc:subfield code="h">47 S.</marc:subfield>
         <marc:subfield code="w">(DE-627)1623456959</marc:subfield>
         <marc:subfield code="w">(DE-576)039986705</marc:subfield>
         <marc:subfield code="z">3487003457</marc:subfield>
      </marc:datafield>
      <marc:datafield tag="850" ind1=" " ind2=" ">
         <marc:subfield code="a">ab</marc:subfield>
      </marc:datafield>
      <marc:datafield tag="936" ind1="r" ind2="v">
         <marc:subfield code="a">GL 5416</marc:subfield>
         <marc:subfield code="b">Einzelausgaben</marc:subfield>
         <marc:subfield code="k">Germanistik. Niederlandistik. Skandinavistik</marc:subfield>
         <marc:subfield code="k">Deutsche Literatur</marc:subfield>
         <marc:subfield code="k">Das 19. Jahrhundert</marc:subfield>
         <marc:subfield code="k">Einzelne Autoren</marc:subfield>
         <marc:subfield code="k">Autoren H</marc:subfield>
         <marc:subfield code="k">Heine, Heinrich</marc:subfield>
         <marc:subfield code="k">Einzelausgaben</marc:subfield>
         <marc:subfield code="0">(DE-627)1270637304</marc:subfield>
         <marc:subfield code="0">(DE-625)rvk/41524:11808</marc:subfield>
         <marc:subfield code="0">(DE-576)200637304</marc:subfield>
      </marc:datafield>
      <marc:datafield tag="951" ind1=" " ind2=" ">
         <marc:subfield code="a">BO</marc:subfield>
      </marc:datafield>
   </marc:record>