
   <marc:record>
      <marc:leader>     cam a22        4500</marc:leader>
      <marc:controlfield tag="001">483219398</marc:controlfield>
      <marc:controlfield tag="003">DE-576</marc:controlfield>
      <marc:controlfield tag="005">20170310133843.0</marc:controlfield>
      <marc:controlfield tag="007">tu</marc:controlfield>
      <marc:controlfield tag="008">170208s1982    ru |||||      00| ||rus c</marc:controlfield>
      <marc:datafield tag="020" ind1=" " ind2=" ">
         <marc:subfield code="c">0.50rub</marc:subfield>
      </marc:datafield>
      <marc:datafield tag="035" ind1=" " ind2=" ">
         <marc:subfield code="a">(DE-627)1623305586</marc:subfield>
      </marc:datafield>
      <marc:datafield tag="035" ind1=" " ind2=" ">
         <marc:subfield code="a">(DE-576)483219398</marc:subfield>
      </marc:datafield>
      <marc:datafield tag="035" ind1=" " ind2=" ">
         <marc:subfield code="a">(DE-599)BSZ483219398</marc:subfield>
      </marc:datafield>
      <marc:datafield tag="035" ind1=" " ind2=" ">
         <marc:subfield code="a">(OCoLC)974499616</marc:subfield>
      </marc:datafield>
      <marc:datafield tag="040" ind1=" " ind2=" ">
         <marc:subfield code="a">DE-576</marc:subfield>
         <marc:subfield code="b">ger</marc:subfield>
         <marc:subfield code="c">DE-576</marc:subfield>
         <marc:subfield code="e">rda</marc:subfield>
      </marc:datafield>
      <marc:datafield tag="041" ind1=" " ind2=" ">
         <marc:subfield code="a">rus</marc:subfield>
      </marc:datafield>
      <marc:datafield tag="044" ind1=" " ind2=" ">
         <marc:subfield code="c">XA-RU</marc:subfield>
      </marc:datafield>
      <marc:datafield tag="050" ind1=" " ind2="0">
         <marc:subfield code="a">GV1785.L49</marc:subfield>
      </marc:datafield>
      <marc:datafield tag="082" ind1="0" ind2=" ">
         <marc:subfield code="a">792.80280924</marc:subfield>
      </marc:datafield>
      <marc:datafield tag="084" ind1=" " ind2=" ">
         <marc:subfield code="a">AP 87350</marc:subfield>
         <marc:subfield code="2">rvk</marc:subfield>
         <marc:subfield code="0">(DE-625)rvk/8088:</marc:subfield>
      </marc:datafield>
      <marc:datafield tag="100" ind1="1" ind2=" ">
         <marc:subfield code="a">Liepa, Maris</marc:subfield>
         <marc:subfield code="d">1936-1989</marc:subfield>
         <marc:subfield code="e">VerfasserIn</marc:subfield>
         <marc:subfield code="0">(DE-588)122676262</marc:subfield>
         <marc:subfield code="0">(DE-627)705996840</marc:subfield>
         <marc:subfield code="0">(DE-576)214362728</marc:subfield>
         <marc:subfield code="4">aut</marc:subfield>
      </marc:datafield>
      <marc:datafield tag="245" ind1="1" ind2="0">
         <marc:subfield code="a">Včera i segodnja v balete</marc:subfield>
         <marc:subfield code="c">Maris Liepa</marc:subfield>
      </marc:datafield>
      <marc:datafield tag="264" ind1=" " ind2="1">
         <marc:subfield code="a">Moskva</marc:subfield>
         <marc:subfield code="b">"Molodaja gvardija"</marc:subfield>
         <marc:subfield code="c">1982</marc:subfield>
      </marc:datafield>
      <marc:datafield tag="300" ind1=" " ind2=" ">
         <marc:subfield code="a">188 Seiten, 48 ungezählte Seiten</marc:subfield>
         <marc:subfield code="b">Illustrationen</marc:subfield>
         <marc:subfield code="c">17 cm</marc:subfield>
      </marc:datafield>
      <marc:datafield tag="336" ind1=" " ind2=" ">
         <marc:subfield code="a">Text</marc:subfield>
         <marc:subfield code="b">txt</marc:subfield>
         <marc:subfield code="2">rdacontent</marc:subfield>
      </marc:datafield>
      <marc:datafield tag="337" ind1=" " ind2=" ">
         <marc:subfield code="a">ohne Hilfsmittel zu benutzen</marc:subfield>
         <marc:subfield code="b">n</marc:subfield>
         <marc:subfield code="2">rdamedia</marc:subfield>
      </marc:datafield>
      <marc:datafield tag="338" ind1=" " ind2=" ">
         <marc:subfield code="a">Band</marc:subfield>
         <marc:subfield code="b">nc</marc:subfield>
         <marc:subfield code="2">rdacarrier</marc:subfield>
      </marc:datafield>
      <marc:datafield tag="490" ind1="0" ind2=" ">
         <marc:subfield code="a">Mastera iskusstv molodeži</marc:subfield>
      </marc:datafield>
      <marc:datafield tag="546" ind1=" " ind2=" ">
         <marc:subfield code="a">Text russisch, in kyrillischer Schrift</marc:subfield>
      </marc:datafield>
      <marc:datafield tag="650" ind1=" " ind2="0">
         <marc:subfield code="a">Ballet dancers</marc:subfield>
         <marc:subfield code="x">Biography</marc:subfield>
         <marc:subfield code="x">Latvia</marc:subfield>
      </marc:datafield>
      <marc:datafield tag="600" ind1="1" ind2="4">
         <marc:subfield code="a">Liepa, Maris 1936-</marc:subfield>
      </marc:datafield>
      <marc:datafield tag="936" ind1="r" ind2="v">
         <marc:subfield code="a">AP 87350</marc:subfield>
         <marc:subfield code="b">Biografien, Memoiren, Tagebücher, Briefe (CSN des Künstlers)</marc:subfield>
         <marc:subfield code="k">Allgemeines</marc:subfield>
         <marc:subfield code="k">Medien- und Kommunikationswissenschaften, Kommunikationsdesign</marc:subfield>
         <marc:subfield code="k">Tanz</marc:subfield>
         <marc:subfield code="k">Tanzkunst</marc:subfield>
         <marc:subfield code="k">Biografien, Memoiren, Tagebücher, Briefe (CSN des Künstlers)</marc:subfield>
         <marc:subfield code="0">(DE-627)1270693891</marc:subfield>
         <marc:subfield code="0">(DE-625)rvk/8088:</marc:subfield>
         <marc:subfield code="0">(DE-576)200693891</marc:subfield>
      </marc:datafield>
      <marc:datafield tag="951" ind1=" " ind2=" ">
         <marc:subfield code="a">BO</marc:subfield>
      </marc:datafield>
   </marc:record>